@inproceedings{chandu2017design,
    author    = {Chandu, Y and Kumar, K. S. Rakesh and Prabhukhanolkar, Ninad Vivek and Anish, A N and Rawal, Sushma},
    booktitle = {2017 International Conference On Smart Technologies For Smart Nation (SmartTechCon)},
    doi       = {10.1109/SmartTechCon.2017.8358562},
    keywords  = {Encryption;Cloud computing;Receivers;Hardware;Transmitters;AES;RSA;key;cloud security;IOT;FPGA;hybrid algorithm},
    number    = {},
    pages     = {1228-1231},
    title     = {Design and implementation of hybrid encryption for security of IOT data},
    volume    = {},
    year      = {2017}
}


@misc{chrome70,
    accessedon = {October 19, 2024},
    author     = {Catalin Cimpanu},
    publisher  = {ZDNET},
    title      = {Chrome: 70 percent of all security bugs are memory safety issues},
    url        = {https://www.zdnet.com/article/chrome-70-of-all-security-bugs-are-memory-safety-issues/},
    year       = {2020}
}

@article{don1989morris,
    author    = {Don Steeley},
    publisher = {University of Utah},
    title     = {A tour of the worm},
    url       = {https://collections.lib.utah.edu/details?id=702918},
    year      = {1989}
}

@article{giac2014heartbleed,
    author    = {Jeff Sass},
    publisher = {GIAC},
    title     = {The Role of Static Analysis in Heartbleed},
    url       = {https://www.giac.org/paper/gsec/36189/role-static-analysis-heartbleed/143117},
    year      = {2015}
}



@misc{google2023ossfuzz,
    accesson = {October 16, 2024},
    author   = {Google},
    title    = {OSS-Fuzz},
    url      = {https://google.github.io/oss-fuzz/},
    year     = {2023}
}

@misc{llvm2024sanitizer,
    accessedon = {October 16, 2024},
    author     = {LLVM},
    title      = {Sanitizer Coverage},
    url        = {https://clang.llvm.org/docs/SanitizerCoverage.html\#tracing-control-flow},
    year       = {2024}
}


@inproceedings{maitra2019performace,
    author    = {Maitra, Sudip and Richards, Dylan and Abdelgawad, Ahmed and Yelamarthi, Kumar},
    booktitle = {2019 IEEE Sensors Applications Symposium (SAS)},
    doi       = {10.1109/SAS.2019.8706017},
    keywords  = {Encryption;Microcontrollers;Ciphers;Software;Hardware;lightweight;block ciphers;XTEA;AES;IoT security;resource constraints;microcontroller},
    number    = {},
    pages     = {1-6},
    title     = {Performance Evaluation of IoT Encryption Algorithms: Memory, Timing, and Energy},
    volume    = {},
    year      = {2019}
}


@misc{microsoft70,
    accessedon = {October 19, 2024},
    author     = {Catalin Cimpanu},
    publisher  = {ZDNET},
    title      = {Microsoft: 70 percent of all security bugs are memory safety issues },
    url        = {https://www.zdnet.com/article/microsoft-70-percent-of-all-security-bugs-are-memory-safety-issues/},
    year       = {2019}
}

@article{singh2024advanced,
    author    = {Singh, Saurabh and Sharma, Pradip Kumar and Moon, Seo Yeon and Park, Jong Hyuk},
    journal   = {Journal of Ambient Intelligence and Humanized Computing},
    pages     = {1--18},
    publisher = {Springer},
    title     = {Advanced lightweight encryption algorithms for IoT devices: survey, challenges and solutions},
    year      = {2024}
}


@article{usman2017sit,
    author  = {Usman, Muhammad and Ahmed, Irfan and Aslam, M Imran and Khan, Shujaat and Shah, Usman Ali},
    journal = {arXiv preprint arXiv:1704.08688},
    title   = {SIT: a lightweight encryption algorithm for secure internet of things},
    year    = {2017}
}